<?xml version="1.0" encoding="UTF-8"?><collection xmlns="http://www.loc.gov/MARC21/slim"><record><leader>00401nam--2200121-i-4500</leader><controlfield tag="001">000010704</controlfield><controlfield tag="002">20161230</controlfield><controlfield tag="005">20161230201028</controlfield><controlfield tag="008">060222s1000------------r-----000-0-eng-d</controlfield><datafield ind1=" " ind2=" " tag="080"><subfield code="a">061.6(047:493)</subfield></datafield><datafield ind1=" " ind2=" " tag="245"><subfield code="a">Belgonucleaire.rapports du conseil d administr ation et du college des commissaire a l assemb lee generale annuelle du 26 avril 1973</subfield></datafield><datafield ind1=" " ind2=" " tag="260"><subfield code="a">Bruxelles, Marcinelle, 1973. 26 P</subfield></datafield><datafield ind1=" " ind2=" " tag="852"><subfield code="a">38763</subfield></datafield></record></collection>